<?xml version="1.0" encoding="UTF-8"?>
<collection xmlns:xsi="http://www.w3.org/2001/XMLSchema-instance" xsi:schemaLocation="http://www.loc.gov/MARC21/slim http://www.loc.gov/standards/marcxml/schema/MARC21slim.xsd" xmlns="http://www.loc.gov/MARC21/slim">
<record>
  <leader>00796cam a2200253 i 4500</leader>
  <controlfield tag="001">41879</controlfield>
  <controlfield tag="003">NNC</controlfield>
  <controlfield tag="005">20121017210042.0</controlfield>
  <controlfield tag="008">810323m19719999iq abc   b    000 0 ara d</controlfield>
  <datafield tag="035" ind1=" " ind2=" ">
    <subfield code="a">(OCoLC)81374054</subfield>
  </datafield>
  <datafield tag="035" ind1=" " ind2=" ">
    <subfield code="a">(OCoLC)ocm81374054</subfield>
  </datafield>
  <datafield tag="035" ind1=" " ind2=" ">
    <subfield code="a">(CStRLIN)NYCG22555226-B</subfield>
  </datafield>
  <datafield tag="035" ind1=" " ind2=" ">
    <subfield code="9">AAE4368CU</subfield>
  </datafield>
  <datafield tag="035" ind1=" " ind2=" ">
    <subfield code="a">(NNC)41879</subfield>
  </datafield>
  <datafield tag="040" ind1=" " ind2=" ">
    <subfield code="a">NNC</subfield>
    <subfield code="c">NNC</subfield>
    <subfield code="d">NNC</subfield>
  </datafield>
  <datafield tag="043" ind1=" " ind2=" ">
    <subfield code="a">a-iq---</subfield>
  </datafield>
  <datafield tag="090" ind1=" " ind2=" ">
    <subfield code="a">DS79.89.K37</subfield>
    <subfield code="b">N8</subfield>
  </datafield>
  <datafield tag="100" ind1="1" ind2=" ">
    <subfield code="a">Nuwaynī, Muḥammad,</subfield>
    <subfield code="d">1932-</subfield>
  </datafield>
  <datafield tag="245" ind1="1" ind2="0">
    <subfield code="a">a Aḍwāʾ ʻalá maʻālim :</subfield>
    <subfield code="b">Muḥāfaẓat Karbalāʾ /</subfield>
    <subfield code="c">Muḥammad al-Nuwaynī.</subfield>
  </datafield>
  <datafield tag="260" ind1=" " ind2=" ">
    <subfield code="a">al-Najaf :</subfield>
    <subfield code="b">Maṭbaʻat al-Qaḍāʾ,</subfield>
    <subfield code="c">1971-</subfield>
  </datafield>
  <datafield tag="300" ind1=" " ind2=" ">
    <subfield code="a">v. :</subfield>
    <subfield code="b">ill., map, ports ;</subfield>
    <subfield code="c">25 cm.</subfield>
  </datafield>
  <datafield tag="504" ind1=" " ind2=" ">
    <subfield code="a">Bibliography: v. 1, p. 193-195.</subfield>
  </datafield>
  <datafield tag="651" ind1=" " ind2="0">
    <subfield code="a">Karbalāʼ (Iraq : Province)</subfield>
  </datafield>
  <datafield tag="740" ind1="0" ind2="1">
    <subfield code="a">Muḥāfażat Karbalāʾ.</subfield>
  </datafield>
  <datafield tag="955" ind1=" " ind2=" ">
    <subfield code="b">CU17734118</subfield>
    <subfield code="d">off,glx</subfield>
    <subfield code="e">DS79.89.K37 N8</subfield>
    <subfield code="v">v.1</subfield>
  </datafield>
</record>
</collection>